@article{abraham1962piecewise,
    author = {R. Abraham},
    title = {Piecewise Differentiable Manifolds and the Space-Time of General Relativity},
    year = {1962},
    journal = {Journal of Mathematics and Mechanics},
    volume = {11},
    issue = {4},
    pages = {553-592},
    url = {https://www.jstor.org/stable/24900913},
}

@article{adler1957characteristic,
    author = {A. Adler},
    journal = {Transactions of the American Mathematical Society},
    volume = {86},
    issue = {2},
    year ={1957},
    title = {Characteristic Classes of Homogeneous Spaces},
    url = {https://www.jstor.org/stable/1993020},
    pages = {348-365},
}

@book{ahlfors1960riemann,
    author={L.V Ahlfors and L.Sario},
    title = {Riemann Surfaces},
    publisher= {princeton university press},
    year = {1960},
    url = {https://zr9558.files.wordpress.com/2013/11/lars-v-ahlfors-l-sario-riemann-surfaces.pdf},
    isbn = {9780691626123},
}

@article{Allendoerfer1940the,
    author = {C.B. Allendoerfer},
    title = {The Euler Number of a Riemann Manifold},
    journal = {American Journal of Mathematics},
    year = {1940},
    url = {https://www.jstor.org/stable/2371450#metadata_info_tab_contents},
    volume= {62},
    issue = {1},
    pages= {243-248},
}

@article{Allendoerfer1950the,
    author = {C.B. Allendoerfer},
    title = {Characteristic Cohomology Classes in a Riemann Manifold},
    year = {1950},
    journal = {Annals of Mathematics},
    volume = {51},
    issue = {3},
    pages = {551-570},
    url ={https://www.jstor.org/stable/1969368},
}

@article{Allendoerfer1943the,
    author = {C.B Allendoerfer and A. Weil},
    title = {The Gauss-Bonnet Theorem for Riemannian Polyhedra},
    year = {1943},
    journal = {Transactions of the American Mathematical Society},
    volume ={53},
    pages = {101-129},
    url = {https://www.jstor.org/stable/1990134}
}

%putting the original version down instead of the reprinting, which the og book cited
@article{alexandroff1937topologie,
    author = {P. Alexandroff and H. Hopf},
    title = {Topologie I},
    year = {1937},
    journal = {The Mathematical Gazette},
    volume = {21},
    pages = {296-298},
    url = {https://www.jstor.org/stable/3607723},
}

@article{ambrose1956parallel,
    author = {W. Ambrose},
    title = {Parallel Translation of Riemannian Curvature},
    journal = {Annals of Mathematics},
    volume = {64},
    pages = {337-363},
    year = {1956},
    url = {https://www.jstor.org/stable/1969978},
    issue = {2},
}

@article{ambrose1961the,
    author = {W. Ambrose},
    title = {The Index Theorem in Riemannian Geometry},
    journal = {Annals of Mathematics},
    year= {1961},
    volume = {73},
    issue = {1},
    pages = {49-86},
    url = {https://www.jstor.org/stable/1970282},
}

@article{ambrose1960the,
    author = {W. Ambrose},
    title = {The Cartan Structural Equations in Classical Riemannian Geometry},
    year= {1960},
    journal = {The Journal of the Indian Mathematical Society},
    volume = {24},
    pages = {23-76},
    url = {https://www.informaticsjournals.com/index.php/jims/article/view/16900},
}

@article{ambrose1953a,
 ISSN = {00029947},
 URL = {http://www.jstor.org/stable/1990721},
 author = {W. Ambrose and I. M. Singer},
 journal = {Transactions of the American Mathematical Society},
 number = {3},
 pages = {428--443},
 title = {A Theorem on Holonomy},
 volume = {75},
 year = {1953},
}

@article{ambrose1960sprays,
    author = {W. Ambrose, R.S Palais and I.M Singer},
    title = {Sprays},
    year = {1960},
    journal = {Annaes da Academia Brasileira de Ciencias},
    volume = {32},
    issue = {2},
    pages = {163-178},
    url = {http://memoria.bn.br/DocReader/docreader.aspx?bib=158119&pesq=&pagfis=12553}
}

@book{auslander2012introduction,
  title={Introduction to Differentiable Manifolds},
  author={Auslander, L. and MacKenzie, R.E.},
  isbn={9780486158082},
  series={Dover Books on Mathematics},
  url={https://books.google.com/books?id=J98LQTpm0wIC},
  year={2012},
  publisher={Dover Publications}
}

@article{bol1943uber,
    author= {G. Bol},
    title = {\"Uber Nabelpunkte auf einer Eifl\"ache},
    year = {1943},
    journal = {Mathematische Zeitschrift},
    volume = {49},
    pages = {389-410},
    url = {https://link.springer.com/article/10.1007/BF01174209},
}

%translated version
@book{bonnesen1987theory,
  title={Theory of Convex Bodies},
  author={Bonnesen, T. and Fenchel, W. and Boron, L.F. and Christenson, C.O. and Smith, B.A.},
  isbn={9780914351023},
  lccn={86072292},
  url={https://books.google.com/books?id=bUvvAAAAMAAJ},
  year={1987},
  publisher={BCS Associates}
}
%untranslated version
@BOOK{Bonnesen1974theorie,
  title     = {Theorie der konvexen K{\"o}rper"},
  author    = {T. Bonnesen and W. Fenchel},
  publisher = {Springer},
  series    = {Ergebnisse der Mathematik Und Ihrer Grenzgebiete},
  isbn = {3540062343},
  url = {https://www.goodreads.com/book/show/14711691-theorie-der-konvexen-korper},
  year = {1934},
}

%someone latexed this up, new version
@book{bott1960morse,
  title={Morse Theory and Its Application to Homotopy Theory},
  author={Bott, R.},
  url={https://www.math.ucla.edu/~petersen/Bott_book.pdf},
  year={1960},
  publisher={Math. Inst. der Univ.}
}

%new edition in 2003
@book{buck2003advanced,
  title={Advanced Calculus: Third Edition},
  author={Buck, R.C.},
  isbn={9781478608202},
  url={https://books.google.com/books?id=7cYQAAAAQBAJ},
  year={2003},
  publisher={Waveland Press}
}

@article{cairns1961a,
    title = {A Simple Triangulation Method for Smooth Manifolds},
    author = {S.S Cairns},
    journal = {Bulletin of the American Mathematical Society},
    volume = {67},
    pages = {389-390},
    url = {https://www.ams.org/journals/bull/1961-67-04/S0002-9904-1961-10631-9/S0002-9904-1961-10631-9.pdf},
}

@book{Cartan1925,
    author = {E. Cartan},
    language = {fre},
    publisher = {Gauthier-Villars},
    title = {La géométrie des espaces de Riemann},
    url = {http://eudml.org/doc/192543},
    year = {1925},
}

@article{Cartan1949-1950,
    author = {Cartan, H.},
    journal = {S. H. Cartan},
    language = {fre},
    pages = {1-11},
    publisher = {Secrétariat mathématique},
    title = {Cohomologie réelle d'un espace fibré principal différentiable. II : transgression dans un groupe de Lie et dans un espace fibré principal ; recherche de la cohomologie de l'espace de base},
    url = {http://eudml.org/doc/112227},
    volume = {2},
    year = {1949-1950},
}

@book{chern1951topics,
  title={Topics in Differential Geometry},
  author={S. S. Chern},
  series={Topics in Differential Geometry},
  url={https://www.intlpress.com/site/pub/pages/books/items/00000488/index.php},
  year={1951},
  publisher={Institute for Advanced Study}
}

@book{chern1959differential,
  title={Differential Manifolds},
  author={S. S. Chern},
  series={Mathematics lecture notes},
  url={https://books.google.com/books?id=Q9XMEMtCJ2IC},
  year={1959},
  publisher={University of Chicago, Department of Mathematics}
}

@article{chern1945on,
 ISSN = {0003486X},
 URL = {http://www.jstor.org/stable/1969203},
 author = {S. S. Chern},
 journal = {Annals of Mathematics},
 number = {4},
 pages = {674--684},
 publisher = {Annals of Mathematics},
 title = {On the Curvatura Integra in a Riemannian Manifold},
 urldate = {2022-07-20},
 volume = {46},
 year = {1945}
}

@book{chevalley1946theory,
 ISBN = {9780691049908},
 URL = {https://archive.org/details/in.ernet.dli.2015.86469/page/n13/mode/2up},
 author = {C. Chevalley},
 title = {Theory of Lie Groups},
 publisher = {Princeton University Press},
 year = {1946}
}

@book{chevalley1956fundemental,
    author = {C. Chevalley},
    title= {Fundamental concepts of algebra},
    year = {1956},
    publisher = {New York, Academic Press},
    ISBN= {9780080873152},
    url = {https://archive.org/details/fundamentalconce00chev_0},
}

%new edition
@book{coddington1990theory,
  title={Theory of Ordinary Differential Equations},
  author={Coddington, A. and Levinson, N.},
  url={https://ptvtpqa.files.wordpress.com/2013/12/coddington-e-levinson-n-theory-of-ordinary-differential-equations.pdf},
  year={1990},
  publisher={Tata McGraw- Hill Publ. Company Limited}
}

%new edition
@book{bishop2011geometry,
  title={Geometry of Manifolds},
  author={Bishop, R.L. and Crittenden, R.J.},
  isbn={9780080873275},
  series={ISSN},
  url={https://books.google.com/books?id=sRaSuentwngC},
  year={2011},
  publisher={Elsevier Science}
}

%translated
@book{derham1984differentiable,
  title={Differentiable Manifolds: Forms, Currents, Harmonic Forms},
  author={G. de Rham, F.R Smith and S.S Chern},
  isbn={9783540134633},
  lccn={84010597},
  series={Die Grundlehren der mathematischen Wissenschaften in Einzeldarstellungen mit besonderer Ber{\"u}cksichtigung der Anwendungsgebiete},
  url={https://books.google.com/books?id=\_1LvAAAAMAAJ},
  year={1984},
  publisher={Springer-Verlag}
}

%untranslated
@book{derham1973varietes,
    author = {G. de Rham},
    title = {Variétés Différentiables : Formes, Courants, Formes Harmoniques.},
    edition = {3},
    publisher = {Paris,Hermann},
    year = {1973},
}

@article{derham1952sur,
    author = {G. de Rham},
    journal = {Commentarii mathematici Helvetici},
    keywords = {Riemannian manifolds},
    pages = {328-344},
    title = {Sur la réductibilité d'un espace de Riemann.},
    url = {http://eudml.org/doc/139052},
    volume = {26},
    year = {1952},
}

@article{Ehresmann1950les,
author = {C. Ehresmann},
journal = {Séminaire Bourbaki},
language = {fre},
pages = {153-168},
publisher = {Société Mathématique de France},
title = {Les connexions infinitésimales dans un espace fibré différentiable},
url = {http://eudml.org/doc/109403},
volume = {1},
year = {1948-1951},
}

%new edition
@book{eisenhart2015introduction,
  title={An Introduction to Differential Geometry with Use of the Tensor Calculus},
  author={L.P. Eisenhart},
  isbn={9781296828103},
  url={https://books.google.com/books?id=HbUljgEACAAJ},
  year={2015},
  publisher={Creative Media Partners, LLC}
}

@book{eisenhart1949riemannian,
    author = {L.P Eisenhart},
    isbn = {9780691023533},
    year = {1949},
    url = {https://archive.org/details/in.ernet.dli.2015.524829},
    title = {Riemannian Geometry},
    publisher = {Princeton University Press},
}

@article{fenchel1940on,
  title={On Total Curvatures of Riemannian Manifolds: I},
  author={Werner Fenchel},
  journal={Journal of The London Mathematical Society-second Series},
  year={1940},
  pages={15-22},
  url = {https://londmathsoc.onlinelibrary.wiley.com/doi/abs/10.1112/jlms/s1-15.1.15},
}

@article{frankel1961Manifolds,
  title={Manifolds with positive curvature},
  author={Theodore Frankel},
  journal={Pacific Journal of Mathematics},
  year={1961},
  volume={11},
  pages={165-174},
  url = {https://msp.org/pjm/1961/11-1/pjm-v11-n1-p12-s.pdf}
}

%new edition
@book{goldberg1998curvature,
  title={Curvature and Homology},
  author={Goldberg, S.I.},
  isbn={9780486402079},
  lccn={98022211},
  series={Dover Books on Mathematics},
  url={http://tomlr.free.fr/Math\%E9matiques/Math\%20Complete/Topology/Curvature\%20and\%20Homology,\%20Revised\%20Ed.\%20-\%20S.\%20Goldberg.pdf},
  year={1998},
  publisher={Dover Publications}
}

@article{griffin1958on,
    author = {Griffin, Jr, John S.},
    journal = {Compositio Mathematica},
    keywords = {topology},
    language = {eng},
    pages = {270-276},
    publisher = {Kraus Reprint},
    title = {On the rotation number of a normal curve},
    url = {http://eudml.org/doc/88841},
    volume = {13},
    year = {1958},
}

@book{guggenheimer2012differential,
  title={Differential Geometry},
  author={Guggenheimer, H.W.},
  isbn={9780486157207},
  series={Dover Books on Mathematics},
  url={https://archive.org/details/differentialgeom0000gugg},
  year={2012},
  publisher={Dover Publications}
}

%newedition
@book{halmos2017finite,
  title={Finite-Dimensional Vector Spaces: Second Edition},
  author={Halmos, P.R.},
  isbn={9780486814865},
  lccn={2017018919},
  series={Dover Books on Mathematics},
  url={https://www.maa.org/press/maa-reviews/finite-dimensional-vector-spaces-0},
  year={2017},
  publisher={Dover Publications}
}

@article{hamburger1940beweis,
 ISSN = {0003486X},
 URL = {http://www.jstor.org/stable/1968821},
 author = {Hans Hamburger},
 journal = {Annals of Mathematics},
 number = {1},
 pages = {63--86},
 publisher = {Annals of Mathematics},
 title = {Beweis Einer Caratheodoryschen Vermutung. Teil I},
 urldate = {2022-07-20},
 volume = {41},
 year = {1940}
}

%new edition
@book{helgason2012differential,
  title={Differential Geometry, Lie Groups, And Symmetric Spaces.},
  author={S. Helgason},
  isbn={9780124157316},
  url={https://bookstore.ams.org/gsm-34},
  year={2012},
  publisher={Academic Press}
}

@article{hermann1960existence,
  title={Existence in the large of totally geodesic submanifolds of Riemannian spaces},
  author={Robert Hermann},
  journal={Bulletin of the American Mathematical Society},
  year={1960},
  volume={66},
  pages={59-61},
  url = {https://www.ams.org/journals/bull/1960-66-01/S0002-9904-1960-10391-6/S0002-9904-1960-10391-6.pdf},
}

@article{hicks1963submanifolds,
    author={N. J. Hicks},
    title = {Submanifolds of Semi-Riemannian Manifolds},
    year= {1963},
    journal={Rendiconti del Circolo Matematico di Palermo},
    volume ={12},
    pages={137-149},
    url = {https://link.springer.com/article/10.1007/BF02843960}
}

@article{hicks1963connection,
    author = {N. J. Hicks},
    title = {Connextion Preserving, Conformal, And Parallel Maps},
    year = {1963},
    journal = {Michigan Math Journal},
    volume = {10},
    pages = {295-302},
    url= {https://projecteuclid.org/download/pdf_1/euclid.mmj/1028998915},
}

%new edition
@book{hilbert1999geometry,
  title={Geometry and the Imagination},
  author={Hilbert, D. and Cohn-Vossen, S.},
  isbn={9780821819982},
  lccn={99015535},
  series={AMS Chelsea Publishing Series},
  url={https://www.maa.org/press/maa-reviews/geometry-and-the-imagination},
  year={1999},
  publisher={AMS Chelsea Pub.}
}

@article{hirsch1961on,
 ISSN = {0003486X},
 URL = {http://www.jstor.org/stable/1970318},
 author = {Morris W. Hirsch},
 journal = {Annals of Mathematics},
 number = {3},
 pages = {566--571},
 publisher = {Annals of Mathematics},
 title = {On Imbedding Differentiable Manifolds in Euclidean Space},
 urldate = {2022-07-20},
 volume = {73},
 year = {1961}
}

%added for footnote in section 1.1 --deri
@book{hirsch1976differential,
  title={Differential Topology},
  author={Morris W. Hirsch},
  isbn={9780486141091},
  series={Graduate Texts in Mathematics},
  url={https://archive.org/details/springer_10.1007-978-1-4684-9449-5},
  year={1976},
  publisher={Springer-Verlag}
}

@book{hocking2012topology,
  title={Topology},
  author={J.G. Hocking and G.S. Young},
  isbn={9780486141091},
  series={Dover Books on Mathematics},
  url={https://download.tuxfamily.org/openmathdep/analysis_real/Topology-Hocking.pdf},
  year={2012},
  publisher={Dover Publications}
}

@article{hopf1926uber,
    author = {H. Hopf},
    journal = {Mathematische Annalen},
    pages = {340-367},
    title = {Über die Curvatura integra geschlossener Hyperflächen},
    url = {http://eudml.org/doc/159134},
    volume = {95},
    year = {1926},
}

@article{hopf1935uber,
     author = {H. Hopf},
     title = {\"Uber die {Drehung} der {Tangenten} und {Sehnen} ebener {Kurven}},
     journal = {Compositio Mathematica},
     pages = {50--62},
     publisher = {Johnson Reprint Corporation},
     volume = {2},
     year = {1935},
     zbl = {0011.17702},
     language = {de},
     url = {http://www.numdam.org/item/CM_1935__2__50_0/}
}


@article{hopf1950uber,
    author = {H. Hopf},
    title = {\"Uber Fl\"achen mit einer Relation zwischen den Hauptkr\"ummungen. Meinem Lehrer Erhard Schmidt in Verehrung und Freundschaft zum 75. Geburtstag gewidmet.},
    journal = {Mathematische Nachrichten},
    volume = {4},
    number = {1-6},
    pages = {232-249},
    doi = {https://doi.org/10.1002/mana.3210040122},
    url = {https://onlinelibrary.wiley.com/doi/abs/10.1002/mana.3210040122},
    eprint = {https://onlinelibrary.wiley.com/doi/pdf/10.1002/mana.3210040122},
    year = {1950}
}
@article{hsiang1982generalized,
  title={Generalized rotational hypersurfaces of constant mean curvature in the Euclidean spaces. I},
  author={Wu-yi Hsiang},
  journal={Journal of Differential Geometry},
  year={1982},
  volume={17},
  pages={337-356},
  url = {https://www.semanticscholar.org/paper/Generalized-rotational-hypersurfaces-of-constant-in-Hsiang/bbea07a96aee6a20c14f718f9467fd857e63faeb},
}

@book{jacobson2013lectures,
  title={Lectures in Abstract Algebra: II. Linear Algebra},
  author={N. Jacobson},
  isbn={9781468470536},
  series={Graduate Texts in Mathematics},
  url={https://archive.org/details/springer_10.1007-978-1-4684-7053-6},
  year={2013},
  publisher={Springer New York}
}

@article{johnson1960terminating,
    author = {H. H. Johnson},
    title = {Terminating prolongation procedures.},
    volume = {10},
    journal = {Pacific Journal of Mathematics},
    number = {2},
    publisher = {Pacific Journal of Mathematics, A Non-profit Corporation},
    pages = {577 -- 583},
    year = {1960},
    URL = {https://msp.org/pjm/1960/10-2/pjm-v10-n2-p16-s.pdf}
}

@book{kaplan2003advanced,
  title={Advanced Calculus},
  author={W. Kaplan},
  isbn={9780201799378},
  lccn={2002018423},
  series={Addison-Wesley higher mathematics},
  url={http://hore.dnom.fmph.uniba.sk/~demetrian/lect/biomedmat4/kaplan.pdf},
  year={2003},
  publisher={Addison-Wesley}
}

@article{Kervaire1960,
    author = {M. A. Kervaire},
    journal = {Commentarii mathematici Helvetici},
    keywords = {topology},
    pages = {257-270},
    title = {A Manifold which does not not admit any Differentiable Structure.},
    url = {https://people.math.rochester.edu/faculty/doug/otherpapers/kervaire.pdf},
    volume = {34},
    year = {1960},
}

%republication
@book{kelley2017general,
  title={General Topology},
  author={J. L. Kelley},
  isbn={9780486815442},
  lccn={2016040931},
  series={Dover Books on Mathematics},
  url={https://archive.org/details/GeneralTopologyJohnL.Kelley/page/n21/mode/2up},
  year={2017},
  publisher={Dover Publications}
}

@book{klingenberg2013riemannsche,
  title={Riemannsche Geometrie im Gro{\ss}en},
  author={D. Gromoll, W. Klingenberg and W. Meyer},
  isbn={9783540359012},
  series={Lecture Notes in Mathematics},
  url={https://books.google.com/books?id=83N\_BwAAQBAJ},
  year={2013},
  publisher={Springer Berlin Heidelberg}
}

@book{kobayashi1963foundations,
  title={Foundations of Differential Geometry, Volume 2},
  author={S. Kobayashi and K. Nomizu},
  isbn={9780470496480},
  lccn={63019209},
  url={https://thunv.files.wordpress.com/2008/05/foundation-of-differential-geometry-ii-kobayashinomuzu.pdf},
  year={1963},
  publisher={Wiley}
}

@article{kuranishi1957on,
 ISSN = {00029327, 10806377},
 URL = {http://www.jstor.org/stable/2372381},
 author = {M. Kuranishi},
 journal = {American Journal of Mathematics},
 number = {1},
 pages = {1--47},
 publisher = {Johns Hopkins University Press},
 title = {On E. Cartan's Prolongation Theorem of Exterior Differential Systems},
 urldate = {2022-07-20},
 volume = {79},
 year = {1957}
}

@book{lang2014introduction,
  title={Introduction to Differentiable Manifolds},
  author={S. Lang},
  isbn={9781475777444},
  url={https://books.google.com/books?id=grTWzgEACAAJ},
  year={2014},
  publisher={Springer}
}

@book{levi1977absolute,
  title={The Absolute Differential Calculus (calculus of Tensors)},
  author={T. Levi-Civita},
  isbn={9780486634012},
  lccn={76027497},
  url={https://archive.org/details/TheAbsoluteDifferentialCalculus},
  year={1977},
  publisher={Dover Publications}
}

@book{mackey2004mathematical,
  title={Mathematical Foundations of Quantum Mechanics},
  author={G. W. Mackey},
  isbn={9780486435176},
  lccn={2003063503},
  series={Dover Books on Mathematics},
  url={https://books.google.com/books?id=Gcsz0c39QzgC},
  year={2004},
  publisher={Dover Publications}
}

@article{massey1962surfaces,
  title={Surfaces Of Gaussian Curvature Zero In Euclidean 3-space},
  author={W. S. Massey},
  journal={Tohoku Mathematical Journal, Second Series},
  volume={14},
  number={1},
  pages={73-79},
  year={1962},
  doi={10.2748/tmj/1178244205},
  url = {http://thiele.ruc.dk/~lunde/Geometry/Surfaces_of_Gaussian_Curvature_zero_in_Euclidean_3_space.pdf},
}

@article{myers1935connections,
author = {S. B. Myers},
title = {Connections between Differential Geometry and Topology},
journal = {Proceedings of the National Academy of Sciences},
volume = {21},
number = {4},
pages = {225-227},
year = {1935},
URL = {https://www.pnas.org/doi/abs/10.1073/pnas.21.4.225},
}

@book{murray2013existence,
  title={Existence Theorems for Ordinary Differential Equations},
  author={F. J. Murray and K. S. Miller},
  isbn={9780486154954},
  series={Dover Books on Mathematics},
  url={https://books.google.com/books?id=mpi3BrPwbE0C},
  year={2013},
  publisher={Dover Publications}
}

@book{milnor1997topology,
  title={Topology from the Differentiable Viewpoint},
  author={J. W. Milnor and  D.W. Weaver},
  isbn={9780691048338},
  lccn={97030986},
  series={Princeton Landmarks in Mathematics and Physics},
  url={https://books.google.co.in/books?id=ORCnDwAAQBAJ},
  year={1997},
  publisher={Princeton University Press}
}

@article{Milnor1956OnMH,
  title={On Manifolds Homeomorphic to the 7-Sphere},
  author={J. W. Milnor},
  journal={Annals of Mathematics},
  year={1956},
  volume={64},
  pages={399},
  url = {https://www.jstor.org/stable/1969983}
}

%new tex'd up version
@book{milnor1969morse,
 ISBN = {9780691080086},
 URL = {https://drive.google.com/file/d/1yixyw3Gpzs6fvBxxWUL_XRamWsdFCagL/view},
 author = {J. Milnor, M. Spivak and R. Wells},
 publisher = {Princeton University Press},
 title = {Morse Theory. (AM-51), Volume 51},
 year = {1969}
}


@book{morse1934calculus,
  title={The Calculus of Variations in the Large},
  author={M. Morse},
  number={v. 18},
  isbn={9780821810187},
  lccn={lc34040909},
  series={American Mathematical Society},
  url={https://books.google.com/books?id=ouOVAwAAQBAJ},
  year={1934},
  publisher={American Mathematical Society}
}


@article{Munkres1959ObstructionsTT,
  title={Obstructions to the smoothing of piecewise-differentiable homeomorphisms},
  author={J. R. Munkres},
  journal={Bulletin of the American Mathematical Society},
  year={1959},
  volume={65},
  pages={332-334},
  url = {https://www.jstor.org/stable/1970228}
}

@book{munkres1966elementary,
  title={Elementary Differential Topology},
  author={J. R. Munkres},
  number={no. 54, pt. 1},
  isbn={9780691090931},
  lccn={66001302},
  series={Annals of Mathematics Studies},
  url={https://www.maths.ed.ac.uk/~v1ranick/papers/munkresdiff.pdf},
  year={1966},
  publisher={Princeton University Press}
}

%new edition
@book{nomizu2021lie,
  title={Lie Groups and Differential Geometry},
  author={K. Nomizu},
  isbn={9781013914218},
  url={https://books.google.com/books?id=3y-wzgEACAAJ},
  year={2021},
  publisher={Creative Media Partners, LLC}
}

@article{nomizu1954invariant,
 ISSN = {00029327, 10806377},
 URL = {http://www.jstor.org/stable/2372398},
 author = {K. Nomizu},
 journal = {American Journal of Mathematics},
 number = {1},
 pages = {33--65},
 publisher = {Johns Hopkins University Press},
 title = {Invariant Affine Connections on Homogeneous Spaces},
 urldate = {2022-07-20},
 volume = {76},
 year = {1954}
}

@article{newns1956tangent,
  title={Tangent Planes To a Differentiable Manifold},
  author={W. F. Newns and A. G. Walker},
  journal={Journal of The London Mathematical Society-second Series},
  year={1956},
  pages={400-407},
  url = {https://londmathsoc.onlinelibrary.wiley.com/doi/10.1112/jlms/s1-31.4.400},
}

@book{nickerson2013advanced,
  title={Advanced Calculus},
  author={H. K. Nickerson, D. C. Spencer and N. E. Steenrod},
  isbn={9780486173740},
  series={Dover Books on Mathematics},
  url={https://books.google.com/books?id=KgHDAgAAQBAJ},
  year={2013},
  publisher={Dover Publications}
}

@article{nijenhuis1962a,
author = {A. Nijenhuis and R. W. Richardson Jr.},
title = {A theorem on maps with non-negative Jacobians.},
volume = {9},
journal = {Michigan Mathematical Journal},
number = {2},
publisher = {University of Michigan, Department of Mathematics},
pages = {173 -- 176},
year = {1962},
URL = {https://projecteuclid.org/journals/michigan-mathematical-journal/volume-9/issue-2/A-theorem-on-maps-with-non-negative-Jacobians/10.1307/mmj/1028998676.full}
}

@article{palais1954a,
 ISSN = {00029939, 10886826},
 URL = {http://www.jstor.org/stable/2032554},
 author = {R. S. Palais},
 journal = {Proceedings of the American Mathematical Society},
 number = {6},
 pages = {902--908},
 publisher = {American Mathematical Society},
 title = {A Definition of the Exterior Derivative in Terms of Lie Derivatives},
 urldate = {2022-07-20},
 volume = {5},
 year = {1954}
}

%Missing some fields, review
@article{palais1957,
    title = {A global formulation of the Lie theory of transformation groups},
    author = {R. S. Palais},
    journal = {Memoirs of the American Mathematical Society},
    URL = {https://vmm.math.uci.edu/PalaisPapers/AGloblFormlationOfLieTheory.pdf},
    urldate = {2022-07-23},
    volume = {22},
    year = {1957},
}

@book{pervin2014foundations,
  title={Foundations of General Topology},
  author={W.J. Pervin and R.P. Boas},
  isbn={9781483225159},
  series={Academic Press textbooks in mathematics},
  url={https://books.google.com/books?id=QpXiBQAAQBAJ},
  year={2014},
  publisher={Elsevier Science}
}

@article{pohl1962differential,
    title = {Differential geometry of higher order},
    journal = {Topology},
    volume = {1},
    number = {3},
    pages = {169-211},
    year = {1962},
    issn = {0040-9383},
    doi = {https://doi.org/10.1016/0040-9383(62)90103-9},
    url = {https://www.sciencedirect.com/science/article/pii/0040938362901039},
    author = {W. F. Pohl}
}

%in russian
@article{poggorelov1956a,
    author = {A.V Pogorelov},
    title = {A New Proof of Rigidity of Convex Polyhedra},
    journal = {Uspekhi Matematicheskikh Nauk},
    volume = {11},
    year = {1956},
    issue = {5},
    pages= {207-208},
    url = {http://mi.mathnet.ru/eng/umn/v11/i5/p207},
}

@article{Preissmann1943quelques,
    author = {A. V. Preissmann},
    journal = {Commentarii mathematici Helvetici},
    pages = {175-216},
    title = {Quelques propriétés globales des espaces de Riemann.},
    url = {http://eudml.org/doc/138804},
    volume = {15},
    year = {1943},
}

@misc{samelson1955differential,
    author = {H. Samelson},
    title = {Lecture Notes in Differential geometry},
    publisher = {University of Michigan-Ann arbor},
    year = {1955},
}

@book{seifert1951variationsrechnung,
  title={Variationsrechnung im Grossen: (Theorie von Marston Morse},
  author={H. Seifert and W. Threlfall},
  isbn={9780828400497},
  lccn={77160837},
  series={AMS Chelsea Publishing Series},
  url={https://books.google.com/books?id=1YM\_AAAAYAAJ},
  year={1951},
  publisher={Chelsea Publishing Company}
}


@article{Smale1961DifferentiableAC,
  title={Differentiable and Combinatorial Structures on Manifolds},
  author={S. Smale},
  journal={Annals of Mathematics},
  year={1961},
  volume={74},
  issue = {3},
  pages={498-502},
  url = {https://www.jstor.org/stable/1970294}
}

@article{Smale1963a,
  title={A survey of some recent developments in differential topology},
  author={Stephen Smale},
  journal={Bulletin of the American Mathematical Society},
  year={1963},
  volume={69},
  pages={131-145},
  url = {https://www.ams.org/bull/1963-69-02/S0002-9904-1963-10901-5/S0002-9904-1963-10901-5.pdf},
}

@book{steenrod1951the,
 ISBN = {9780691005485},
 URL = {https://press.princeton.edu/books/paperback/9780691005485/the-topology-of-fibre-bundles-pms-14-volume-14},
 author = {N. Steenrod},
 publisher = {Princeton University Press},
 title = {The Topology of Fibre Bundles},
 year = {1951}
}

@book{sternberg1964lectures,
    author = {S. Sternberg},
    title = {Lectures on Differential Geometry},
    year = {1964},
    Publisher = {Chelsea Publishing Company},
    Url = {https://archive.org/details/lecturesondiffer0000ster/page/n5/mode/2up},
}

@book{struik1961lectures,
  title={Lectures on Classical Differential Geometry},
  author={Struik, D.J.},
  isbn={9780486656090},
  lccn={61012774},
  series={Addison-Wesley series in mathematics},
  url={https://archive.org/details/dli.ernet.469746},
  year={1961},
  publisher={Addison-Wesley Publishing Company}
}

@article{synge1926the,
    author = {J. L. Synge},
    title = {The First and Second Variations of the Length-Integral in Riemannian Space},
    journal = {Proceedings of the London Mathematical Society},
    volume = {25},
    number = {1},
    pages = {247-264},
    year = {1926},
    issn = {0024-6115},
    url = {https://aareyanmanzoor.github.io/assets/synge1926.pdf},
}

@article{titus1960a,
    url = {https://projecteuclid.org/journals/pacific-journal-of-mathematics/volume-10/issue-3/A-theory-of-normal-curves-and-some-applications/pjm/1103038253.pdf},
    author = {C. J. Titus},
    title = {A Theory of Normal Curves and Some Applications},
    journal = {Pacific Journal Of Mathematics},
    volume = {10},
    pages = {1083-1096},
}

@book{veblen1962invariants,
  title={Invariants of Quadratic Differential Forms},
  author={O. Veblen},
  isbn={9780521604840},
  series={Cambridge Tracts in Mathematics},
  url={https://books.google.com/books?id=DxudBTTj4YUC},
  year={1962},
  publisher={Cambridge University Press}
}

@book{veblen1960foundations,
  title={The Foundations of Differential Geometry},
  author={O. Veblen and J. H. C. Whitehead},
  series={Cambridge tracts in mathematics and mathematical physics},
  url={https://books.google.com/books?id=KC9uAAAAIAAJ},
  year={1960},
  publisher={University Press}
}

@article{Weil1952,
    author = {A. Weil},
    journal = {Commentarii mathematici Helvetici},
    keywords = {topology},
    pages = {119-145},
    title = {Sur les théorèmes de de Rham.},
    url = {http://eudml.org/doc/139040},
    volume = {26},
    year = {1952},
}

@article{wente1986counterexample,
author = {H. C. Wente},
title = {Counterexample to a conjecture of H. Hopf.},
volume = {121},
journal = {Pacific Journal of Mathematics},
number = {1},
pages = {193 -- 243},
year = {1986},
URL = {https://projecteuclid.org/journals/pacific-journal-of-mathematics/volume-121/issue-1/Counterexample-to-a-conjecture-of-H-Hopf/pjm/1102702809.full}
}

@book{weyl1952space,
  title={Space, Time, Matter},
  author={H. Weyl},
  isbn={9780486602677},
  lccn={a52009277},
  series={Dover Books on Advanced Mathematics},
  url={https://www.gutenberg.org/files/43006/43006-pdf.pdf},
  year={1952},
  publisher={Dover Publications}
}

@article{whitehead1932convex,
    author = {J. H. C. Whitehead},
    title = {Convex Regions In The Geometry Of Paths},
    journal = {The Quarterly Journal of Mathematics},
    volume = {3},
    number = {1},
    pages = {33-42},
    year = {1932},
    month = {01},
    issn = {0033-5606},
    url = {https://aareyanmanzoor.github.io/assets/whitehead1932.pdf},
}

@article{whitehead1961manifolds,
 ISSN = {0003486X},
 URL = {http://www.jstor.org/stable/1970286},
 author = {J. H. C. Whitehead},
 journal = {Annals of Mathematics},
 number = {1},
 pages = {154--212},
 publisher = {Annals of Mathematics},
 title = {Manifolds with Transverse Fields in Euclidean Space},
 urldate = {2022-07-21},
 volume = {73},
 year = {1961}
}

@article{Whitney1937,
    author = {H. Whitney},
    journal = {Compositio Mathematica},
    keywords = {Topology},
    language = {eng},
    pages = {276-284},
    publisher = {Johnson Reprint Corporation}, 
    title = {On regular closed curves in the plane},
    url = {http://eudml.org/doc/88656},
    volume = {4},
    year = {1937},
}

@book{whitney2016geometric,
  title={Geometric Integration Theory},
  author={H. Whitney},
  isbn={9780691652900},
  series={Princeton Legacy Library},
  url={https://www.maths.ed.ac.uk/~v1ranick/papers/git.pdf},
  year={2016},
  publisher={Princeton University Press}
}


@book{willmore1959introduction,
  title={An Introduction to Differential Geometry},
  author={T. Willmore},
  url={https://books.google.com/books?id=dHHRswEACAAJ},
  year={1959},
  publisher={Clarendon}
}



